<record><leader>00000cas a22000007a 4500</leader><controlfield tag="001">11682541</controlfield><controlfield tag="008">850211d18751875njudn ne      0    0eng d</controlfield><datafield ind1=" " ind2=" " tag="010"><subfield code="a">sn 85025354 </subfield></datafield><datafield ind1=" " ind2=" " tag="040"><subfield code="a">NPX</subfield><subfield code="b">eng</subfield><subfield code="c">NPX</subfield><subfield code="d">NJW</subfield><subfield code="d">OCLCQ</subfield></datafield><datafield ind1=" " ind2=" " tag="042"><subfield code="a">msc</subfield></datafield><datafield ind1="0" ind2=" " tag="130"><subfield code="a">Daily advertiser (Vineland, N.J.)</subfield></datafield><datafield ind1="1" ind2="0" tag="245"><subfield code="a">Daily advertiser.</subfield></datafield><datafield ind1=" " ind2=" " tag="260"><subfield code="a">Vineland, N.J. :</subfield><subfield code="b">Vineland Real Estate and Pub. Co.,</subfield><subfield code="c">1875.</subfield></datafield><datafield ind1=" " ind2=" " tag="300"><subfield code="a">v.</subfield></datafield><datafield ind1=" " ind2=" " tag="310"><subfield code="a">Daily (except Sun.)</subfield></datafield><datafield ind1="0" ind2=" " tag="362"><subfield code="a">Vol. 1, no. 1 (June 1, 1875)-v. 1, no. 100 (Sept. 25, 1875).</subfield></datafield><datafield ind1=" " ind2=" " tag="500"><subfield code="a">Editor: Estelle Thompson.</subfield></datafield><datafield ind1=" " ind2=" " tag="580"><subfield code="a">Weekly ed.: Vineland advertiser (Vineland, N.J. : 1874).</subfield></datafield><datafield ind1=" " ind2=" " tag="752"><subfield code="a">United States</subfield><subfield code="b">New Jersey</subfield><subfield code="c">Cumberland</subfield><subfield code="d">Vineland.</subfield></datafield><datafield ind1="1" ind2=" " tag="775"><subfield code="t">Vineland advertiser (Vineland, N.J. : 1874)</subfield><subfield code="w">(DLC)sn 85025355</subfield><subfield code="w">(OCoLC)11682616</subfield></datafield><datafield ind1="1" ind2=" " tag="029"><subfield code="a">AU@</subfield><subfield code="b">000025819515</subfield></datafield></record>